<?xml version = "1.0" encoding = "UTF-8"?><OAI-PMH xmlns="http://www.openarchives.org/OAI/2.0/" xmlns:xsi="http://www.w3.org/2001/XMLSchema-instance" xsi:schemaLocation="http://www.openarchives.org/OAI/2.0/ http://www.openarchives.org/OAI/2.0/OAI-PMH.xsd"><ListRecords><record><header><identifier>aleph-publish:001624451</identifier></header><metadata><record xmlns="http://www.ddb.de/professionell/mabxml/mabxml-1.xsd"><leader>00880vM2.01200024------h</leader><controlfield tag="LDR">00880vM2.01200024------h</controlfield><controlfield tag="FMT">MH</controlfield><datafield tag="001" ind1="-" ind2="1"><subfield code="a">HT004173290</subfield></datafield><datafield tag="002" ind1="a" ind2="1"><subfield code="a">19920415</subfield></datafield><datafield tag="003" ind1="-" ind2="1"><subfield code="a">20210908131000.0</subfield></datafield><datafield tag="025" ind1="o" ind2="1"><subfield code="a">260193772</subfield></datafield><datafield tag="026" ind1="-" ind2="1"><subfield code="a">HBZHT004173290</subfield></datafield><controlfield tag="030">a|1uc||||||37</controlfield><datafield tag="036" ind1="a" ind2="1"><subfield code="a">DE</subfield></datafield><datafield tag="037" ind1="b" ind2="1"><subfield code="a">ger</subfield><subfield code="a">eng</subfield></datafield><controlfield tag="050">a|||||||||||||</controlfield><controlfield tag="051">mc||||||</controlfield><datafield tag="064" ind1="a" ind2="1"><subfield code="a">Ausstellungskatalog</subfield><subfield code="9">(DE-588)4135467-9</subfield></datafield><datafield tag="070" ind1="-" ind2="1"><subfield code="a">292</subfield></datafield><datafield tag="070" ind1="b" ind2="1"><subfield code="a">Kn 3</subfield></datafield><datafield tag="078" ind1="n" ind2="1"><subfield code="a">NWBib-61</subfield></datafield><datafield tag="080" ind1="-" ind2="1"><subfield code="a">60</subfield></datafield><datafield tag="100" ind1="b" ind2="1"><subfield code="p">Mißelbeck, Reinhold</subfield><subfield code="d">1948-2001</subfield><subfield code="b">[Red.]</subfield><subfield code="9">(DE-588)12105053X</subfield></datafield><datafield tag="101" ind1="-" ind2="1"><subfield code="p">Misselbeck, Reinhold</subfield><subfield code="d">1948-2001</subfield></datafield><datafield tag="200" ind1="b" ind2="1"><subfield code="e">Ausstellung Holographische Visionen</subfield><subfield code="d">1991</subfield><subfield code="c">Köln</subfield><subfield code="9">(DE-588)2121007-X</subfield></datafield><datafield tag="201" ind1="-" ind2="1"><subfield code="e">Holographische Visionen</subfield><subfield code="d">1991</subfield><subfield code="c">Köln</subfield></datafield><datafield tag="201" ind1="-" ind2="1"><subfield code="e">Holograph Visions</subfield><subfield code="d">1991</subfield><subfield code="c">Köln</subfield></datafield><datafield tag="204" ind1="b" ind2="1"><subfield code="k">Museum für Holographie und Neue Visuelle Medien</subfield><subfield code="h">Pulheim</subfield><subfield code="9">(DE-588)1090804-3</subfield></datafield><datafield tag="205" ind1="-" ind2="1"><subfield code="k">Museum für Holographie &amp; Neue Visuelle Medien</subfield><subfield code="h">Pulheim</subfield></datafield><datafield tag="331" ind1="-" ind2="1"><subfield code="a">Holographische Visionen</subfield></datafield><datafield tag="335" ind1="-" ind2="1"><subfield code="a">Bilder durch Licht zum Leben erweckt ; eine Ausstellung des Museums für Holographie &amp; Neue Visuelle Medien, Pulheim, in den Räumen des Kölner Gürzenich vom 5. Juli bis 15. August 1991 ; [das Buch begleitet die Ausstellung Holographische Visionen]</subfield></datafield><datafield tag="359" ind1="-" ind2="1"><subfield code="a">[Katalog: Red. Reinhold Mißelbeck]</subfield></datafield><datafield tag="410" ind1="-" ind2="1"><subfield code="a">Heidelberg</subfield></datafield><datafield tag="412" ind1="-" ind2="1"><subfield code="a">Braus</subfield></datafield><datafield tag="425" ind1="a" ind2="1"><subfield code="a">1991</subfield></datafield><datafield tag="433" ind1="-" ind2="1"><subfield code="a">116 S. : zahlr. Ill.</subfield></datafield><datafield tag="516" ind1="-" ind2="1"><subfield code="a">Text dt. und engl.</subfield></datafield><datafield tag="517" ind1="-" ind2="1"><subfield code="a">Ausstellungskatalog</subfield></datafield><datafield tag="540" ind1="a" ind2="1"><subfield code="a">3-89466-015-5</subfield><subfield code="b">Pp. : DM 48.00</subfield></datafield><datafield tag="902" ind1="-" ind2="1"><subfield code="s">Hologramm</subfield><subfield code="9">(DE-588)4120460-8</subfield></datafield><controlfield tag="SYS">001624451</controlfield><datafield tag="LOW" ind1="-" ind2="1"><subfield code="a">K0001</subfield></datafield><datafield tag="LOW" ind1="-" ind2="1"><subfield code="a">Q1142</subfield></datafield><datafield tag="LOW" ind1="-" ind2="1"><subfield code="a">K6001</subfield></datafield><datafield tag="088" ind1=" " ind2=" "><subfield code="a">Kn 3</subfield><subfield code="b">00020053</subfield><subfield code="c">KMB/!YG KÖLN 9  1991 G</subfield><subfield code="e">keine ILL</subfield></datafield><datafield tag="088" ind1=" " ind2=" "><subfield code="a">Kn 3</subfield><subfield code="b">00020051</subfield><subfield code="c">KMB/+YG KÖLN 9  1991 G</subfield><subfield code="e">keine ILL</subfield></datafield><datafield tag="088" ind1=" " ind2=" "><subfield code="a">5/7</subfield><subfield code="b">00058001</subfield><subfield code="c">X 205/716</subfield><subfield code="e">keine ILL</subfield></datafield><datafield tag="088" ind1=" " ind2=" "><subfield code="a">38</subfield><subfield code="b">00000001</subfield><subfield code="c">11L6147</subfield><subfield code="e">ILL Ausleihe</subfield></datafield><datafield tag="088" ind1=" " ind2=" "><subfield code="a">Kn 133</subfield><subfield code="c">XIV 3732</subfield><subfield code="e">Keine Angabe</subfield></datafield><datafield tag="088" ind1=" " ind2=" "><subfield code="a">82</subfield><subfield code="c">GA8282</subfield><subfield code="e">keine Angabe</subfield></datafield><datafield tag="088" ind1=" " ind2=" "><subfield code="a">290</subfield><subfield code="b">F_ZB</subfield><subfield code="c">Y 15401</subfield><subfield code="e">ILL Kopie+Ausl.</subfield></datafield><datafield tag="088" ind1=" " ind2=" "><subfield code="a">836</subfield><subfield code="c">KDZ 30</subfield><subfield code="e">keine Angabe</subfield></datafield><datafield tag="088" ind1=" " ind2=" "><subfield code="a">61</subfield><subfield code="b">00</subfield><subfield code="c">slg210/2112</subfield><subfield code="e">Ausleihbestand</subfield></datafield><datafield tag="088" ind1=" " ind2=" "><subfield code="a">62</subfield></datafield></record></metadata></record></ListRecords></OAI-PMH>